%YAML 1.1
%TAG !u! tag:unity3d.com,2011:
--- !u!91 &9100000
AnimatorController:
  m_ObjectHideFlags: 0
  m_CorrespondingSourceObject: {fileID: 0}
  m_PrefabInstance: {fileID: 0}
  m_PrefabAsset: {fileID: 0}
  m_Name: P1
  serializedVersion: 5
  m_AnimatorParameters:
  - m_Name: position
    m_Type: 1
    m_DefaultFloat: 0
    m_DefaultInt: 0
    m_DefaultBool: 0
    m_Controller: {fileID: 0}
  - m_Name: side
    m_Type: 1
    m_DefaultFloat: 0
    m_DefaultInt: 0
    m_DefaultBool: 0
    m_Controller: {fileID: 0}
  - m_Name: twoHand
    m_Type: 1
    m_DefaultFloat: 10
    m_DefaultInt: 0
    m_DefaultBool: 0
    m_Controller: {fileID: 0}
  - m_Name: grip
    m_Type: 1
    m_DefaultFloat: 0
    m_DefaultInt: 0
    m_DefaultBool: 0
    m_Controller: {fileID: 0}
  m_AnimatorLayers:
  - serializedVersion: 5
    m_Name: Base Layer
    m_StateMachine: {fileID: 1107492166327560362}
    m_Mask: {fileID: 0}
    m_Motions: []
    m_Behaviours: []
    m_BlendingMode: 0
    m_SyncedLayerIndex: -1
    m_DefaultWeight: 0
    m_IKPass: 0
    m_SyncedLayerAffectsTiming: 0
    m_Controller: {fileID: 9100000}
--- !u!206 &206146186501904932
BlendTree:
  m_ObjectHideFlags: 1
  m_CorrespondingSourceObject: {fileID: 0}
  m_PrefabInstance: {fileID: 0}
  m_PrefabAsset: {fileID: 0}
  m_Name: BlendTree
  m_Childs:
  - serializedVersion: 2
    m_Motion: {fileID: 7400000, guid: cc2cee076a1be9b4388620f68e862082, type: 3}
    m_Threshold: 5
    m_Position: {x: 0, y: 0}
    m_TimeScale: 1.3
    m_CycleOffset: 0
    m_DirectBlendParameter: position
    m_Mirror: 0
  - serializedVersion: 2
    m_Motion: {fileID: 7400002, guid: 58ef2905c6798ba49aa584ab2deedb28, type: 3}
    m_Threshold: 8
    m_Position: {x: 0, y: 0}
    m_TimeScale: 1.3
    m_CycleOffset: 0
    m_DirectBlendParameter: position
    m_Mirror: 0
  m_BlendParameter: position
  m_BlendParameterY: Blend
  m_MinThreshold: 5
  m_MaxThreshold: 8
  m_UseAutomaticThresholds: 0
  m_NormalizedBlendValues: 0
  m_BlendType: 0
--- !u!206 &206249182973944624
BlendTree:
  m_ObjectHideFlags: 1
  m_CorrespondingSourceObject: {fileID: 0}
  m_PrefabInstance: {fileID: 0}
  m_PrefabAsset: {fileID: 0}
  m_Name: OHBH
  m_Childs:
  - serializedVersion: 2
    m_Motion: {fileID: 7400004, guid: 1b34cada38a732c46812f37c773d5030, type: 3}
    m_Threshold: -76
    m_Position: {x: 14, y: 0}
    m_TimeScale: 1.3
    m_CycleOffset: 0
    m_DirectBlendParameter: position
    m_Mirror: 0
  - serializedVersion: 2
    m_Motion: {fileID: 7400002, guid: 665160610e6901d46830eebd098ddeef, type: 3}
    m_Threshold: -69
    m_Position: {x: 11, y: 0}
    m_TimeScale: 1.3
    m_CycleOffset: 0
    m_DirectBlendParameter: position
    m_Mirror: 0
  - serializedVersion: 2
    m_Motion: {fileID: 7400004, guid: dab828fe21273c94a940de78bb9eeb21, type: 3}
    m_Threshold: -62
    m_Position: {x: 8.5, y: 0}
    m_TimeScale: 1.3
    m_CycleOffset: 0
    m_DirectBlendParameter: position
    m_Mirror: 0
  - serializedVersion: 2
    m_Motion: {fileID: 7400002, guid: 58ef2905c6798ba49aa584ab2deedb28, type: 3}
    m_Threshold: -55
    m_Position: {x: 8, y: 0}
    m_TimeScale: 1.3
    m_CycleOffset: 0
    m_DirectBlendParameter: position
    m_Mirror: 0
  - serializedVersion: 2
    m_Motion: {fileID: 7400002, guid: 6c7005701235c094498f6a1441835cb6, type: 3}
    m_Threshold: -48
    m_Position: {x: 4.9, y: 0}
    m_TimeScale: 1.3
    m_CycleOffset: 0
    m_DirectBlendParameter: position
    m_Mirror: 0
  - serializedVersion: 2
    m_Motion: {fileID: 7400004, guid: 6d0a0ecb0b87bb94dbf95b44f0c870c1, type: 3}
    m_Threshold: -41
    m_Position: {x: 2, y: 0}
    m_TimeScale: 1.3
    m_CycleOffset: 0
    m_DirectBlendParameter: position
    m_Mirror: 0
  - serializedVersion: 2
    m_Motion: {fileID: 7400004, guid: 2580fe30707677044a99a7afecc7393e, type: 3}
    m_Threshold: -34
    m_Position: {x: 4.5, y: 0}
    m_TimeScale: 1.3
    m_CycleOffset: 0
    m_DirectBlendParameter: position
    m_Mirror: 0
  - serializedVersion: 2
    m_Motion: {fileID: 7400002, guid: c3bdf8367b6453e4ca832c6ec1b80b5b, type: 3}
    m_Threshold: -27
    m_Position: {x: 4, y: 0}
    m_TimeScale: 1.3
    m_CycleOffset: 0
    m_DirectBlendParameter: position
    m_Mirror: 0
  - serializedVersion: 2
    m_Motion: {fileID: 7400004, guid: 6d0a0ecb0b87bb94dbf95b44f0c870c1, type: 3}
    m_Threshold: -20
    m_Position: {x: 0.5, y: 0}
    m_TimeScale: 1.3
    m_CycleOffset: 0
    m_DirectBlendParameter: position
    m_Mirror: 0
  - serializedVersion: 2
    m_Motion: {fileID: 7400002, guid: 6c7005701235c094498f6a1441835cb6, type: 3}
    m_Threshold: -13
    m_Position: {x: 5, y: 0}
    m_TimeScale: 1.3
    m_CycleOffset: 0
    m_DirectBlendParameter: position
    m_Mirror: 0
  - serializedVersion: 2
    m_Motion: {fileID: 7400002, guid: 531fba16d5510394292b7fe7e1888a54, type: 3}
    m_Threshold: -6
    m_Position: {x: 14, y: 10}
    m_TimeScale: 1.3
    m_CycleOffset: 0
    m_DirectBlendParameter: position
    m_Mirror: 0
  - serializedVersion: 2
    m_Motion: {fileID: 7400004, guid: 665160610e6901d46830eebd098ddeef, type: 3}
    m_Threshold: 1
    m_Position: {x: 11, y: 10}
    m_TimeScale: 1.3
    m_CycleOffset: 0
    m_DirectBlendParameter: position
    m_Mirror: 0
  - serializedVersion: 2
    m_Motion: {fileID: 7400006, guid: dab828fe21273c94a940de78bb9eeb21, type: 3}
    m_Threshold: 8
    m_Position: {x: 8.5, y: 10}
    m_TimeScale: 1.3
    m_CycleOffset: 0
    m_DirectBlendParameter: position
    m_Mirror: 0
  - serializedVersion: 2
    m_Motion: {fileID: 7400004, guid: 58ef2905c6798ba49aa584ab2deedb28, type: 3}
    m_Threshold: 15
    m_Position: {x: 8, y: 10}
    m_TimeScale: 1.3
    m_CycleOffset: 0
    m_DirectBlendParameter: position
    m_Mirror: 0
  - serializedVersion: 2
    m_Motion: {fileID: 7400002, guid: cbb9a3f274616c445afd41b09577d6a9, type: 3}
    m_Threshold: 22
    m_Position: {x: 5, y: 10}
    m_TimeScale: 1.3
    m_CycleOffset: 0
    m_DirectBlendParameter: position
    m_Mirror: 0
  - serializedVersion: 2
    m_Motion: {fileID: 7400004, guid: 02e9bec1f7b18d64e970b75421c5df64, type: 3}
    m_Threshold: 29
    m_Position: {x: 4.9, y: 10}
    m_TimeScale: 1.3
    m_CycleOffset: 0
    m_DirectBlendParameter: position
    m_Mirror: 0
  - serializedVersion: 2
    m_Motion: {fileID: 7400008, guid: 2580fe30707677044a99a7afecc7393e, type: 3}
    m_Threshold: 36
    m_Position: {x: 4.5, y: 10}
    m_TimeScale: 1.3
    m_CycleOffset: 0
    m_DirectBlendParameter: position
    m_Mirror: 0
  - serializedVersion: 2
    m_Motion: {fileID: 7400004, guid: 72918e6c0b4c98447898aac9691197f6, type: 3}
    m_Threshold: 43
    m_Position: {x: 4, y: 10}
    m_TimeScale: 1.3
    m_CycleOffset: 0
    m_DirectBlendParameter: position
    m_Mirror: 0
  - serializedVersion: 2
    m_Motion: {fileID: 7400006, guid: 6d0a0ecb0b87bb94dbf95b44f0c870c1, type: 3}
    m_Threshold: 50
    m_Position: {x: 2, y: 10}
    m_TimeScale: 1.3
    m_CycleOffset: 0
    m_DirectBlendParameter: position
    m_Mirror: 0
  - serializedVersion: 2
    m_Motion: {fileID: 7400004, guid: 064259c4421ed75409f48f339146d77b, type: 3}
    m_Threshold: 57
    m_Position: {x: 0.5, y: 10}
    m_TimeScale: 1.3
    m_CycleOffset: 0
    m_DirectBlendParameter: position
    m_Mirror: 0
  m_BlendParameter: position
  m_BlendParameterY: twoHand
  m_MinThreshold: -76
  m_MaxThreshold: 57
  m_UseAutomaticThresholds: 0
  m_NormalizedBlendValues: 0
  m_BlendType: 2
--- !u!206 &206683524906861894
BlendTree:
  m_ObjectHideFlags: 1
  m_CorrespondingSourceObject: {fileID: 0}
  m_PrefabInstance: {fileID: 0}
  m_PrefabAsset: {fileID: 0}
  m_Name: Blend Tree
  m_Childs:
  - serializedVersion: 2
    m_Motion: {fileID: 7400002, guid: 064259c4421ed75409f48f339146d77b, type: 3}
    m_Threshold: 0.5
    m_Position: {x: 0.5, y: 0}
    m_TimeScale: 1.3
    m_CycleOffset: 0
    m_DirectBlendParameter: position
    m_Mirror: 0
  - serializedVersion: 2
    m_Motion: {fileID: 7400002, guid: 6d0a0ecb0b87bb94dbf95b44f0c870c1, type: 3}
    m_Threshold: 2
    m_Position: {x: 2, y: 0}
    m_TimeScale: 1.3
    m_CycleOffset: 0
    m_DirectBlendParameter: position
    m_Mirror: 0
  - serializedVersion: 2
    m_Motion: {fileID: 7400002, guid: e5d4d91e5de188b478416827c03bbf1a, type: 3}
    m_Threshold: 4
    m_Position: {x: 4, y: 0}
    m_TimeScale: 1.3
    m_CycleOffset: 0
    m_DirectBlendParameter: Blend
    m_Mirror: 0
  - serializedVersion: 2
    m_Motion: {fileID: 7400002, guid: c3a5e776898f507418f25963ce534620, type: 3}
    m_Threshold: 4.5
    m_Position: {x: 4.5, y: 0}
    m_TimeScale: 1.3
    m_CycleOffset: 0
    m_DirectBlendParameter: Blend
    m_Mirror: 0
  - serializedVersion: 2
    m_Motion: {fileID: 7400002, guid: 02e9bec1f7b18d64e970b75421c5df64, type: 3}
    m_Threshold: 4.9
    m_Position: {x: 4.9, y: 0}
    m_TimeScale: 1.3
    m_CycleOffset: 0
    m_DirectBlendParameter: Blend
    m_Mirror: 0
  - serializedVersion: 2
    m_Motion: {fileID: 7400000, guid: cc2cee076a1be9b4388620f68e862082, type: 3}
    m_Threshold: 5
    m_Position: {x: 5, y: 0}
    m_TimeScale: 1.3
    m_CycleOffset: 0
    m_DirectBlendParameter: Blend
    m_Mirror: 0
  - serializedVersion: 2
    m_Motion: {fileID: 7400002, guid: a772eb0dfae6af24f88f8be6ff923fec, type: 3}
    m_Threshold: 8
    m_Position: {x: 8, y: 0}
    m_TimeScale: 1.3
    m_CycleOffset: 0
    m_DirectBlendParameter: Blend
    m_Mirror: 0
  - serializedVersion: 2
    m_Motion: {fileID: 7400002, guid: dab828fe21273c94a940de78bb9eeb21, type: 3}
    m_Threshold: 8.5
    m_Position: {x: 8.5, y: 0}
    m_TimeScale: 1.3
    m_CycleOffset: 0
    m_DirectBlendParameter: position
    m_Mirror: 0
  - serializedVersion: 2
    m_Motion: {fileID: 7400000, guid: 45320bf58425dee4f83d3a7941cffc75, type: 3}
    m_Threshold: 11
    m_Position: {x: 11, y: 0}
    m_TimeScale: 1.3
    m_CycleOffset: 0
    m_DirectBlendParameter: position
    m_Mirror: 0
  - serializedVersion: 2
    m_Motion: {fileID: 7400002, guid: 1b34cada38a732c46812f37c773d5030, type: 3}
    m_Threshold: 14
    m_Position: {x: 14, y: 0}
    m_TimeScale: 1.3
    m_CycleOffset: 0
    m_DirectBlendParameter: position
    m_Mirror: 0
  m_BlendParameter: position
  m_BlendParameterY: side
  m_MinThreshold: 0.5
  m_MaxThreshold: 14
  m_UseAutomaticThresholds: 0
  m_NormalizedBlendValues: 0
  m_BlendType: 0
--- !u!1101 &1101692634810663684
AnimatorStateTransition:
  m_ObjectHideFlags: 1
  m_CorrespondingSourceObject: {fileID: 0}
  m_PrefabInstance: {fileID: 0}
  m_PrefabAsset: {fileID: 0}
  m_Name: 
  m_Conditions: []
  m_DstStateMachine: {fileID: 0}
  m_DstState: {fileID: 1102337461490990852}
  m_Solo: 0
  m_Mute: 0
  m_IsExit: 0
  serializedVersion: 3
  m_TransitionDuration: 0.99999976
  m_TransitionOffset: 87.871445
  m_ExitTime: 0.7524958
  m_HasExitTime: 1
  m_HasFixedDuration: 1
  m_InterruptionSource: 0
  m_OrderedInterruption: 1
  m_CanTransitionToSelf: 1
--- !u!1101 &1101755018793214184
AnimatorStateTransition:
  m_ObjectHideFlags: 1
  m_CorrespondingSourceObject: {fileID: 0}
  m_PrefabInstance: {fileID: 0}
  m_PrefabAsset: {fileID: 0}
  m_Name: 
  m_Conditions:
  - m_ConditionMode: 3
    m_ConditionEvent: side
    m_EventTreshold: 0.9
  m_DstStateMachine: {fileID: 0}
  m_DstState: {fileID: 1102590451206556714}
  m_Solo: 0
  m_Mute: 0
  m_IsExit: 0
  serializedVersion: 3
  m_TransitionDuration: 0
  m_TransitionOffset: 0
  m_ExitTime: 0
  m_HasExitTime: 0
  m_HasFixedDuration: 1
  m_InterruptionSource: 0
  m_OrderedInterruption: 1
  m_CanTransitionToSelf: 1
--- !u!1101 &1101775341463818584
AnimatorStateTransition:
  m_ObjectHideFlags: 1
  m_CorrespondingSourceObject: {fileID: 0}
  m_PrefabInstance: {fileID: 0}
  m_PrefabAsset: {fileID: 0}
  m_Name: 
  m_Conditions:
  - m_ConditionMode: 4
    m_ConditionEvent: side
    m_EventTreshold: 0.9
  m_DstStateMachine: {fileID: 0}
  m_DstState: {fileID: 1102054016887473172}
  m_Solo: 0
  m_Mute: 0
  m_IsExit: 0
  serializedVersion: 3
  m_TransitionDuration: 0
  m_TransitionOffset: 0
  m_ExitTime: 0.75
  m_HasExitTime: 0
  m_HasFixedDuration: 1
  m_InterruptionSource: 0
  m_OrderedInterruption: 1
  m_CanTransitionToSelf: 1
--- !u!1101 &1101898002855162812
AnimatorStateTransition:
  m_ObjectHideFlags: 1
  m_CorrespondingSourceObject: {fileID: 0}
  m_PrefabInstance: {fileID: 0}
  m_PrefabAsset: {fileID: 0}
  m_Name: 
  m_Conditions: []
  m_DstStateMachine: {fileID: 0}
  m_DstState: {fileID: 1102337461490990852}
  m_Solo: 0
  m_Mute: 0
  m_IsExit: 0
  serializedVersion: 3
  m_TransitionDuration: 0.25
  m_TransitionOffset: 0
  m_ExitTime: 0.89711934
  m_HasExitTime: 1
  m_HasFixedDuration: 1
  m_InterruptionSource: 0
  m_OrderedInterruption: 1
  m_CanTransitionToSelf: 1
--- !u!1102 &1102054016887473172
AnimatorState:
  serializedVersion: 5
  m_ObjectHideFlags: 1
  m_CorrespondingSourceObject: {fileID: 0}
  m_PrefabInstance: {fileID: 0}
  m_PrefabAsset: {fileID: 0}
  m_Name: hit
  m_Speed: 1
  m_CycleOffset: 0
  m_Transitions:
  - {fileID: 1101692634810663684}
  m_StateMachineBehaviours: []
  m_Position: {x: 50, y: 50, z: 0}
  m_IKOnFeet: 0
  m_WriteDefaultValues: 1
  m_Mirror: 1
  m_SpeedParameterActive: 0
  m_MirrorParameterActive: 0
  m_CycleOffsetParameterActive: 0
  m_TimeParameterActive: 0
  m_Motion: {fileID: 206683524906861894}
  m_Tag: 
  m_SpeedParameter: 
  m_MirrorParameter: 
  m_CycleOffsetParameter: 
  m_TimeParameter: 
--- !u!1102 &1102337461490990852
AnimatorState:
  serializedVersion: 5
  m_ObjectHideFlags: 1
  m_CorrespondingSourceObject: {fileID: 0}
  m_PrefabInstance: {fileID: 0}
  m_PrefabAsset: {fileID: 0}
  m_Name: idle
  m_Speed: 1
  m_CycleOffset: 0
  m_Transitions: []
  m_StateMachineBehaviours: []
  m_Position: {x: 50, y: 50, z: 0}
  m_IKOnFeet: 0
  m_WriteDefaultValues: 1
  m_Mirror: 0
  m_SpeedParameterActive: 0
  m_MirrorParameterActive: 0
  m_CycleOffsetParameterActive: 0
  m_TimeParameterActive: 0
  m_Motion: {fileID: 7400006, guid: 2580fe30707677044a99a7afecc7393e, type: 3}
  m_Tag: 
  m_SpeedParameter: 
  m_MirrorParameter: 
  m_CycleOffsetParameter: 
  m_TimeParameter: 
--- !u!1102 &1102370523241420848
AnimatorState:
  serializedVersion: 5
  m_ObjectHideFlags: 1
  m_CorrespondingSourceObject: {fileID: 0}
  m_PrefabInstance: {fileID: 0}
  m_PrefabAsset: {fileID: 0}
  m_Name: sideCheck
  m_Speed: 1
  m_CycleOffset: 0
  m_Transitions:
  - {fileID: 1101775341463818584}
  - {fileID: 1101755018793214184}
  m_StateMachineBehaviours: []
  m_Position: {x: 50, y: 50, z: 0}
  m_IKOnFeet: 0
  m_WriteDefaultValues: 1
  m_Mirror: 0
  m_SpeedParameterActive: 0
  m_MirrorParameterActive: 0
  m_CycleOffsetParameterActive: 0
  m_TimeParameterActive: 0
  m_Motion: {fileID: 0}
  m_Tag: 
  m_SpeedParameter: 
  m_MirrorParameter: 
  m_CycleOffsetParameter: 
  m_TimeParameter: 
--- !u!1102 &1102590451206556714
AnimatorState:
  serializedVersion: 5
  m_ObjectHideFlags: 1
  m_CorrespondingSourceObject: {fileID: 0}
  m_PrefabInstance: {fileID: 0}
  m_PrefabAsset: {fileID: 0}
  m_Name: hitBH
  m_Speed: 1
  m_CycleOffset: 0
  m_Transitions:
  - {fileID: 1101898002855162812}
  m_StateMachineBehaviours: []
  m_Position: {x: 50, y: 50, z: 0}
  m_IKOnFeet: 0
  m_WriteDefaultValues: 1
  m_Mirror: 1
  m_SpeedParameterActive: 0
  m_MirrorParameterActive: 0
  m_CycleOffsetParameterActive: 0
  m_TimeParameterActive: 0
  m_Motion: {fileID: 206249182973944624}
  m_Tag: 
  m_SpeedParameter: 
  m_MirrorParameter: 
  m_CycleOffsetParameter: 
  m_TimeParameter: 
--- !u!1107 &1107005773597430394
AnimatorStateMachine:
  serializedVersion: 5
  m_ObjectHideFlags: 1
  m_CorrespondingSourceObject: {fileID: 0}
  m_PrefabInstance: {fileID: 0}
  m_PrefabAsset: {fileID: 0}
  m_Name: sideCheck
  m_ChildStates:
  - serializedVersion: 1
    m_State: {fileID: 1102054016887473172}
    m_Position: {x: 264, y: -96, z: 0}
  - serializedVersion: 1
    m_State: {fileID: 1102370523241420848}
    m_Position: {x: 408, y: 72, z: 0}
  - serializedVersion: 1
    m_State: {fileID: 1102590451206556714}
    m_Position: {x: 528, y: -96, z: 0}
  m_ChildStateMachines: []
  m_AnyStateTransitions: []
  m_EntryTransitions: []
  m_StateMachineTransitions: {}
  m_StateMachineBehaviours: []
  m_AnyStatePosition: {x: 50, y: 20, z: 0}
  m_EntryPosition: {x: 50, y: 120, z: 0}
  m_ExitPosition: {x: 800, y: 120, z: 0}
  m_ParentStateMachinePosition: {x: 408, y: -228, z: 0}
  m_DefaultState: {fileID: 1102054016887473172}
--- !u!1107 &1107492166327560362
AnimatorStateMachine:
  serializedVersion: 5
  m_ObjectHideFlags: 1
  m_CorrespondingSourceObject: {fileID: 0}
  m_PrefabInstance: {fileID: 0}
  m_PrefabAsset: {fileID: 0}
  m_Name: Base Layer
  m_ChildStates:
  - serializedVersion: 1
    m_State: {fileID: 1102337461490990852}
    m_Position: {x: 336, y: 120, z: 0}
  m_ChildStateMachines:
  - serializedVersion: 1
    m_StateMachine: {fileID: 1107005773597430394}
    m_Position: {x: 336, y: 24, z: 0}
  m_AnyStateTransitions: []
  m_EntryTransitions: []
  m_StateMachineTransitions: {}
  m_StateMachineBehaviours: []
  m_AnyStatePosition: {x: 50, y: 20, z: 0}
  m_EntryPosition: {x: 50, y: 120, z: 0}
  m_ExitPosition: {x: 876, y: 120, z: 0}
  m_ParentStateMachinePosition: {x: 800, y: 20, z: 0}
  m_DefaultState: {fileID: 1102337461490990852}
